<collection xmlns="http://www.loc.gov/MARC21/slim">
<record>
  <leader>01710nam0a2200289 i 450 </leader>
  <controlfield tag="001">IT\ICCU\CNCE\067773</controlfield>
  <controlfield tag="005">20110606000000.0</controlfield>
  <datafield tag="012" ind1=" " ind2=" ">
    <subfield code="a">o.m- o.oa s.un &amp;qau (C) 1522 (Q)</subfield>
    <subfield code="2">fei</subfield>
  </datafield>
  <datafield tag="100" ind1=" " ind2=" ">
    <subfield code="a">20060907f1522        0itac0103    ba</subfield>
  </datafield>
  <datafield tag="101" ind1=" " ind2=" ">
    <subfield code="a">LAT</subfield>
  </datafield>
  <datafield tag="102" ind1=" " ind2=" ">
    <subfield code="a">IT</subfield>
  </datafield>
  <datafield tag="200" ind1="1" ind2=" ">
    <subfield code="a">Constitutiones patrialchales \!! patriarchatus Venetiarum, circa diuinum cultum, habitum, tonsuram, &amp; clericam, &amp; de vita &amp; honestate clericorum, tripertite</subfield>
  </datafield>
  <datafield tag="210" ind1=" " ind2=" ">
    <subfield code="a">\Venezia</subfield>
    <subfield code="c">Melchiorre &lt;1&gt; Sessa &amp; Pietro Ravani!</subfield>
    <subfield code="d">\1522?!</subfield>
    <subfield code="e">Impressum Venetiis</subfield>
    <subfield code="g">per Melchiorem Sessam &amp; Petrum de Rauanis socios</subfield>
  </datafield>
  <datafield tag="215" ind1=" " ind2=" ">
    <subfield code="a">\16! c.</subfield>
    <subfield code="c">ill.</subfield>
    <subfield code="d">4ʻ</subfield>
  </datafield>
  <datafield tag="300" ind1=" " ind2=" ">
    <subfield code="a">Data di emanazione:\ Venezia!, maggio 1522. - Var.B: Constitutiones patriarchales ...</subfield>
  </datafield>
  <datafield tag="620" ind1=" " ind2=" ">
    <subfield code="a">IT</subfield>
    <subfield code="d">Venezia</subfield>
  </datafield>
  <datafield tag="710" ind1="0" ind2="2">
    <subfield code="a">Venezia</subfield>
    <subfield code="c"> &lt;Patriarcato&gt;</subfield>
    <subfield code="3">7978</subfield>
  </datafield>
  <datafield tag="712" ind1="0" ind2="0">
    <subfield code="a">Sessa, Melchiorre &lt;1.&gt; &amp; Ravani, Pietro</subfield>
    <subfield code="3">IT\ICCU\CNCT\000373</subfield>
    <subfield code="4">650</subfield>
  </datafield>
  <datafield tag="790" ind1=" " ind2="0">
    <subfield code="a">Patriarcalis ecclesia Venetiarum</subfield>
    <subfield code="3">IT\ICCU\CNCA\025458</subfield>
    <subfield code="z">Venezia &lt;Patriarcato&gt;</subfield>
  </datafield>
  <datafield tag="791" ind1="0" ind2="0">
    <subfield code="a">Sessa, Marchio &amp; Serena, Piero da la</subfield>
    <subfield code="3">IT\ICCU\CNCT\005662</subfield>
    <subfield code="z">Sessa, Melchiorre &lt;1.&gt; &amp; Ravani, Pietro</subfield>
  </datafield>
  <datafield tag="801" ind1=" " ind2="3">
    <subfield code="a">IT</subfield>
    <subfield code="b">ICCU</subfield>
    <subfield code="c">20201115</subfield>
  </datafield>
  <datafield tag="899" ind1=" " ind2=" ">
    <subfield code="a">Biblioteca Apostolica Vaticana. Citt ̉del Vaticano</subfield>
    <subfield code="z">(Var.A)</subfield>
    <subfield code="1">EX0001</subfield>
    <subfield code="2">ZCV 01</subfield>
  </datafield>
  <datafield tag="899" ind1=" " ind2=" ">
    <subfield code="a">Biblioteca nazionale Marciana. Venezia</subfield>
    <subfield code="z">(Var.A e B)</subfield>
    <subfield code="1">VE0049</subfield>
    <subfield code="2">VEA BM</subfield>
  </datafield>
  <datafield tag="899" ind1=" " ind2=" ">
    <subfield code="a">Biblioteche della Fondazione Giorgio Cini onlus. Venezia</subfield>
    <subfield code="z">(Var.A)</subfield>
    <subfield code="1">VE0239</subfield>
    <subfield code="2">VEA FC</subfield>
  </datafield>
  <datafield tag="899" ind1=" " ind2=" ">
    <subfield code="a">Biblioteca Fondazione Studium Generale Marcianum. Venezia</subfield>
    <subfield code="z">(Var. A) - MUTILO</subfield>
    <subfield code="1">VE0311</subfield>
    <subfield code="2">PBE D7</subfield>
  </datafield>
  <datafield tag="911" ind1=" " ind2=" ">
    <subfield code="a">Marca sul front.</subfield>
    <subfield code="9">IT\ICCU\CNCM\000773</subfield>
  </datafield>
  <datafield tag="921" ind1=" " ind2=" ">
    <subfield code="a">IT\ICCU\CNCM\000773</subfield>
    <subfield code="b">Gatto con topo in bocca in cerchio sormontato da corona. Ai lati le iniziali M.S.</subfield>
    <subfield code="c">A78</subfield>
    <subfield code="c">K298</subfield>
    <subfield code="c">Z598</subfield>
    <subfield code="d">Dimensioni: 3,5 x 4</subfield>
    <subfield code="f">GATTO</subfield>
    <subfield code="f">TOPO</subfield>
    <subfield code="f">CORONA</subfield>
    <subfield code="g">1511-1533</subfield>
  </datafield>
</record>
</collection>
